<?xml version="1.0"?>
<marc:collection xmlns:marc="http://www.loc.gov/MARC21/slim" xmlns:xsi="http://www.w3.org/2001/XMLSchema-instance" xsi:schemaLocation="http://www.loc.gov/MARC21/slim http://www.loc.gov/standards/marcxml/schema/MARC21slim.xsd">
   <marc:record type="Bibliographic">
      <marc:leader>00992cam a2200265Ma 4500</marc:leader>
      <marc:controlfield tag="001">2760144</marc:controlfield>
      <marc:controlfield tag="003">NjP</marc:controlfield>
      <marc:controlfield tag="005">20100810101858.0</marc:controlfield>
      <marc:controlfield tag="008">910102s1963    iq h     b    000 0 ara d</marc:controlfield>
      <marc:datafield tag="024" ind1="7" ind2=" ">
         <marc:subfield code="a">princeton_aco000027</marc:subfield>
         <marc:subfield code="2">local</marc:subfield>
      </marc:datafield>
      <marc:datafield tag="035" ind1=" " ind2=" ">
         <marc:subfield code="a">(OCoLC)ocm23118470</marc:subfield>
      </marc:datafield>
      <marc:datafield tag="035" ind1=" " ind2=" ">
         <marc:subfield code="9">CNF4527TS</marc:subfield>
      </marc:datafield>
      <marc:datafield tag="040" ind1=" " ind2=" ">
         <marc:subfield code="a">NYP</marc:subfield>
         <marc:subfield code="c">NYP</marc:subfield>
         <marc:subfield code="d">CUY</marc:subfield>
         <marc:subfield code="d">PUL</marc:subfield>
      </marc:datafield>
      <marc:datafield tag="100" ind1="2" ind2=" ">
         <marc:subfield code="a">Ibn Hisha&#x304;m, &#x2BB;Abd Alla&#x304;h ibn Yu&#x304;suf,</marc:subfield>
         <marc:subfield code="d">1309-1360.</marc:subfield>
      </marc:datafield>
      <marc:datafield tag="245" ind1="1" ind2="0">
         <marc:subfield code="a">Fawh&#x323; al-shadhdha&#x304; bi-mas&#x2BE;alat kadha&#x304; /</marc:subfield>
         <marc:subfield code="c">li-Ibn Hisha&#x304;m al-Ans&#x323;a&#x304;ri&#x304; ; tah&#x323;qi&#x304;q Ah&#x323;mad Mat&#x323;lu&#x304;b.</marc:subfield>
      </marc:datafield>
      <marc:datafield tag="260" ind1=" " ind2=" ">
         <marc:subfield code="a">Baghda&#x304;d :</marc:subfield>
         <marc:subfield code="b">[s.n.],</marc:subfield>
         <marc:subfield code="c">1963.</marc:subfield>
      </marc:datafield>
      <marc:datafield tag="300" ind1=" " ind2=" ">
         <marc:subfield code="a">34 p. :</marc:subfield>
         <marc:subfield code="b">facsims. ;</marc:subfield>
         <marc:subfield code="c">24 cm.</marc:subfield>
      </marc:datafield>
      <marc:datafield tag="500" ind1=" " ind2=" ">
         <marc:subfield code="a">In Arabic.</marc:subfield>
      </marc:datafield>
      <marc:datafield tag="504" ind1=" " ind2=" ">
         <marc:subfield code="a">Includes bibliographical references (p. 33-34).</marc:subfield>
      </marc:datafield>
      <marc:datafield tag="500" ind1=" " ind2=" ">
         <marc:subfield code="a">Title on p. [4] of cover: Fawh as-sada bi mas&#x2BE;alat kada.</marc:subfield>
      </marc:datafield>
      <marc:datafield tag="650" ind1=" " ind2="0">
         <marc:subfield code="a">Arabic language</marc:subfield>
         <marc:subfield code="x">Grammar</marc:subfield>
         <marc:subfield code="v">Early works to 1800.</marc:subfield>
      </marc:datafield>
      <marc:datafield tag="650" ind1=" " ind2="0">
         <marc:subfield code="a">Kadha&#x304; (The word)</marc:subfield>
      </marc:datafield>
      <marc:datafield tag="700" ind1="1" ind2=" ">
         <marc:subfield code="a">Mat&#x323;lu&#x304;b, Ah&#x323;mad.</marc:subfield>
      </marc:datafield>
      <marc:datafield tag="740" ind1="0" ind2=" ">
         <marc:subfield code="a">Fawh as-sada bi mas&#x2BE;alat kada.</marc:subfield>
      </marc:datafield>
      <marc:datafield tag="852" ind1="0" ind2=" ">
         <marc:subfield code="b">nec</marc:subfield>
         <marc:subfield code="h">PJ6101</marc:subfield>
         <marc:subfield code="i">.I264 1963</marc:subfield>
         <marc:subfield code="p">3070922</marc:subfield>
         <marc:subfield code="x">reclassed from: 2271.46.334</marc:subfield>
      </marc:datafield>
      <marc:datafield tag="945" ind1=" " ind2=" ">
         <marc:subfield code="a">F</marc:subfield>
         <marc:subfield code="b">1</marc:subfield>
         <marc:subfield code="c">2271.46.334</marc:subfield>
      </marc:datafield>
      <marc:datafield tag="911" ind1=" " ind2=" ">
         <marc:subfield code="a">20000130</marc:subfield>
      </marc:datafield>
   </marc:record>
</marc:collection>
